<record><leader>00000cas a22000007a 4500</leader><controlfield tag="001">9596380</controlfield><controlfield tag="008">830610d19171917ksuwr ne      0    0eng d</controlfield><controlfield tag="009">3789</controlfield><datafield ind1=" " ind2=" " tag="010"><subfield code="a">sn 83040185 </subfield></datafield><datafield ind1=" " ind2=" " tag="040"><subfield code="a">KSH</subfield><subfield code="b">eng</subfield><subfield code="c">KSH</subfield><subfield code="d">NPT</subfield></datafield><datafield ind1="1" ind2=" " tag="029"><subfield code="a">AU@</subfield><subfield code="b">000025791769</subfield></datafield><datafield ind1=" " ind2=" " tag="042"><subfield code="a">msc</subfield></datafield><datafield ind1=" " ind2=" " tag="043"><subfield code="a">n-us-ks</subfield></datafield><datafield ind1="0" ind2="4" tag="245"><subfield code="a">The Galatia register.</subfield></datafield><datafield ind1=" " ind2=" " tag="260"><subfield code="a">Galatia, Kan. :</subfield><subfield code="b">Len Goheen,</subfield><subfield code="c">1917-</subfield></datafield><datafield ind1=" " ind2=" " tag="300"><subfield code="a">v. :</subfield><subfield code="b">ill. (chiefly advertisements) ;</subfield><subfield code="c">50-56 cm.</subfield></datafield><datafield ind1=" " ind2=" " tag="310"><subfield code="a">Weekly</subfield></datafield><datafield ind1="0" ind2=" " tag="362"><subfield code="a">Vol. 1, no. 1 (Aug. 3, 1917)-</subfield></datafield><datafield ind1="1" ind2=" " tag="362"><subfield code="a">Ceased in Dec. 1917?</subfield></datafield><datafield ind1=" " ind2=" " tag="500"><subfield code="a">On masthead: "Galatia edition of the Holyrood banner," Aug. 10, 1917-</subfield></datafield><datafield ind1=" " ind2=" " tag="500"><subfield code="a">Editor: Len Goheen.</subfield></datafield><datafield ind1="1" ind2=" " tag="700"><subfield code="a">Goheen, Len.</subfield></datafield><datafield ind1=" " ind2=" " tag="752"><subfield code="a">United States</subfield><subfield code="b">Kansas</subfield><subfield code="c">Barton</subfield><subfield code="d">Galatia.</subfield></datafield></record>